<?xml version="1.0" encoding="UTF-8"?><record xmlns="http://www.loc.gov/MARC21/slim" xmlns:cinclude="http://apache.org/cocoon/include/1.0" xmlns:zs="http://www.loc.gov/zing/srw/">
  <leader>00413nz  a2200133n  4500</leader>
  <controlfield tag="001">n  98014837 </controlfield>
  <controlfield tag="003">DLC</controlfield>
  <controlfield tag="005">19980217072149.7</controlfield>
  <controlfield tag="008">980217n| acannaab|          |n aaa |||  </controlfield>
  <datafield tag="010" ind1=" " ind2=" ">
    <subfield code="a">n  98014837 </subfield>
  </datafield>
  <datafield tag="040" ind1=" " ind2=" ">
    <subfield code="a">DLC</subfield>
    <subfield code="c">DLC</subfield>
  </datafield>
  <datafield tag="100" ind1="1" ind2="0">
    <subfield code="a">Sumner, Bradford,</subfield>
    <subfield code="d">1782-1855</subfield>
  </datafield>
  <datafield tag="670" ind1=" " ind2=" ">
    <subfield code="a">Thomas Bentley and others vs. Abner ... 1846:</subfield>
    <subfield code="b">t.p. (Bradford Sumner; solicitor)</subfield>
  </datafield>
  <datafield tag="670" ind1=" " ind2=" ">
    <subfield code="a">LC manual cat.</subfield>
    <subfield code="b">(hdg.: Sumner, Bradford, 1782-1855)</subfield>
  </datafield>
</record>